<record><leader>00000cas a22000007a 4500</leader><controlfield tag="001">12848230</controlfield><controlfield tag="008">851126d187u187unyuwr ne      0    0eng d</controlfield><datafield ind1=" " ind2=" " tag="010"><subfield code="a">sn 85026973 </subfield></datafield><datafield ind1=" " ind2=" " tag="040"><subfield code="a">NPX</subfield><subfield code="b">eng</subfield><subfield code="c">NPX</subfield><subfield code="d">NYS</subfield><subfield code="d">OCLCQ</subfield></datafield><datafield ind1=" " ind2=" " tag="042"><subfield code="a">msc</subfield></datafield><datafield ind1="0" ind2="4" tag="245"><subfield code="a">The Ontario citizen and news.</subfield></datafield><datafield ind1="1" ind2="3" tag="246"><subfield code="a">Phelps citizen &amp; Clifton Springs news</subfield></datafield><datafield ind1=" " ind2=" " tag="260"><subfield code="a">Phelps, N.Y. :</subfield><subfield code="b">William Drysdale</subfield></datafield><datafield ind1=" " ind2=" " tag="300"><subfield code="a">v.</subfield></datafield><datafield ind1=" " ind2=" " tag="310"><subfield code="a">Weekly</subfield></datafield><datafield ind1=" " ind2=" " tag="500"><subfield code="a">Published simultaneously at Clifton Springs, N.Y.</subfield></datafield><datafield ind1=" " ind2=" " tag="588"><subfield code="a">Description based on: 44th year, no. 35 (Sept. 1, 1876).</subfield></datafield><datafield ind1=" " ind2="4" tag="651"><subfield code="a">Phelps (N.Y.)</subfield><subfield code="v">Newspapers.</subfield></datafield><datafield ind1=" " ind2="4" tag="651"><subfield code="a">Clifton Springs (N.Y.)</subfield><subfield code="v">Newspapers.</subfield></datafield><datafield ind1=" " ind2=" " tag="752"><subfield code="a">United States</subfield><subfield code="b">New York</subfield><subfield code="c">Ontario</subfield><subfield code="d">Phelps.</subfield></datafield><datafield ind1=" " ind2=" " tag="752"><subfield code="a">United States</subfield><subfield code="b">New York</subfield><subfield code="c">Ontario</subfield><subfield code="d">Clifton Springs.</subfield></datafield><datafield ind1="0" ind2="4" tag="780"><subfield code="t">Phelps citizen (Phelps, N.Y. : 1866)</subfield><subfield code="w">(DLC)sn 83031667</subfield></datafield><datafield ind1="0" ind2="4" tag="780"><subfield code="t">Clifton Springs news</subfield><subfield code="w">(DLC)sn 83031507</subfield></datafield><datafield ind1="0" ind2="6" tag="785"><subfield code="t">Phelps citizen (Phelps, N.Y. : 1877)</subfield><subfield code="w">(DLC)sn 88074662</subfield><subfield code="w">(OCoLC)18347564</subfield></datafield><datafield ind1="0" ind2="6" tag="785"><subfield code="t">Clifton Springs news</subfield></datafield><datafield ind1="1" ind2=" " tag="029"><subfield code="a">AU@</subfield><subfield code="b">000024692386</subfield></datafield></record>